<record><leader>00000cas a22000007a 4500</leader><controlfield tag="001">9607685</controlfield><controlfield tag="008">830615d19321932ksuwr ne      0    0eng d</controlfield><controlfield tag="009">3789</controlfield><datafield ind1=" " ind2=" " tag="010"><subfield code="a">sn 83040261 </subfield></datafield><datafield ind1=" " ind2=" " tag="040"><subfield code="a">KSH</subfield><subfield code="b">eng</subfield><subfield code="c">KSH</subfield><subfield code="d">NPT</subfield></datafield><datafield ind1="1" ind2=" " tag="029"><subfield code="a">AU@</subfield><subfield code="b">000025793228</subfield></datafield><datafield ind1=" " ind2=" " tag="042"><subfield code="a">msc</subfield></datafield><datafield ind1=" " ind2=" " tag="043"><subfield code="a">n-us-ks</subfield></datafield><datafield ind1="0" ind2="4" tag="245"><subfield code="a">The Kiowa news-review and the Kiowa record.</subfield></datafield><datafield ind1="0" ind2="0" tag="246"><subfield code="a">Kiowa news review and the Kiowa record</subfield></datafield><datafield ind1="1" ind2="0" tag="246"><subfield code="a">Kiowa record and the Kiowa news-review</subfield></datafield><datafield ind1=" " ind2=" " tag="260"><subfield code="a">Kiowa, Kan. :</subfield><subfield code="b">Browning &amp; Lambert,</subfield><subfield code="c">1932.</subfield></datafield><datafield ind1=" " ind2=" " tag="300"><subfield code="a">2 v. :</subfield><subfield code="b">ill. ;</subfield><subfield code="c">54 cm.</subfield></datafield><datafield ind1=" " ind2=" " tag="310"><subfield code="a">Weekly</subfield></datafield><datafield ind1="0" ind2=" " tag="362"><subfield code="a">Vol. 42, no. 42 (Sept. 15, 1932)-v. 43, no. 5 (Dec. 29, 1932).</subfield></datafield><datafield ind1=" " ind2=" " tag="500"><subfield code="a">Published on Thursday.</subfield></datafield><datafield ind1=" " ind2=" " tag="500"><subfield code="a">Published on Monday as: Kiowa record and the Kiowa news-review.</subfield></datafield><datafield ind1=" " ind2=" " tag="500"><subfield code="a">Editor: Orrin L. Browning.</subfield></datafield><datafield ind1="1" ind2=" " tag="700"><subfield code="a">Browning, Orrin L.</subfield></datafield><datafield ind1="1" ind2=" " tag="700"><subfield code="a">Lambert, Frank A.</subfield></datafield><datafield ind1=" " ind2=" " tag="752"><subfield code="a">United States</subfield><subfield code="b">Kansas</subfield><subfield code="c">Barber</subfield><subfield code="d">Kiowa.</subfield></datafield><datafield ind1="0" ind2="4" tag="780"><subfield code="t">Kiowa news and review</subfield><subfield code="w">(DLC)sn 83040246</subfield></datafield><datafield ind1="0" ind2="4" tag="780"><subfield code="t">Kiowa record</subfield><subfield code="w">(DLC)sn 83040255</subfield></datafield><datafield ind1="0" ind2="0" tag="785"><subfield code="t">Kiowa news-review and Kiowa record</subfield><subfield code="w">(DLC)sn 83040262</subfield></datafield></record>